@article{jagolinzer2017political,
  title={Political connections and the informativeness of insider trades},
  author={Jagolinzer, Alan D and Larcker, David F and Ormazabal, Gaizka and Taylor, Daniel J},
  year={2017}
}

@article{cohen2012decoding,
  title={Decoding inside information},
  author={Cohen, Lauren and Malloy, Christopher and Pomorski, Lukasz},
  journal={The Journal of Finance},
  volume={67},
  number={3},
  pages={1009--1043},
  year={2012},
  publisher={Wiley Online Library}
}

@article{aboody2000information,
  title={Information asymmetry, R\&D, and insider gains},
  author={Aboody, David and Lev, Baruch},
  journal={The journal of Finance},
  volume={55},
  number={6},
  pages={2747--2766},
  year={2000},
  publisher={Wiley Online Library}
}

@article{bondt1985does,
  title={Does the stock market overreact?},
  author={Bondt, Werner FM and Thaler, Richard},
  journal={The Journal of finance},
  volume={40},
  number={3},
  pages={793--805},
  year={1985},
  publisher={Wiley Online Library}
}

@article{jegadeesh1993returns,
  title={Returns to buying winners and selling losers: Implications for stock market efficiency},
  author={Jegadeesh, Narasimhan and Titman, Sheridan},
  journal={The Journal of finance},
  volume={48},
  number={1},
  pages={65--91},
  year={1993},
  publisher={Wiley Online Library}
}

@article{fama1992cross,
  title={The cross-section of expected stock returns},
  author={Fama, Eugene F and French, Kenneth R},
  journal={the Journal of Finance},
  volume={47},
  number={2},
  pages={427--465},
  year={1992},
  publisher={Wiley Online Library}
}

@article{fama1973risk,
  title={Risk, return, and equilibrium: Empirical tests},
  author={Fama, Eugene F and MacBeth, James D},
  journal={Journal of political economy},
  volume={81},
  number={3},
  pages={607--636},
  year={1973},
  publisher={The University of Chicago Press}
}

@article{fama2016dissecting,
  title={Dissecting anomalies with a five-factor model},
  author={Fama, Eugene F and French, Kenneth R},
  journal={The Review of Financial Studies},
  volume={29},
  number={1},
  pages={69--103},
  year={2016},
  publisher={Oxford University Press}
}

@article{fama1993common,
  title={Common risk factors in the returns on stocks and bonds},
  author={Fama, Eugene F and French, Kenneth R},
  journal={Journal of financial economics},
  volume={33},
  number={1},
  pages={3--56},
  year={1993},
  publisher={Elsevier}
}

@article{huberman2001familiarity,
  title={Familiarity breeds investment},
  author={Huberman, Gur},
  journal={The Review of Financial Studies},
  volume={14},
  number={3},
  pages={659--680},
  year={2001},
  publisher={Oxford University Press}
}

@book{useem1984inner,
  title={The inner circle},
  author={Useem, Michael},
  volume={617},
  year={1984},
  publisher={New York: Oxford University Press}
}

@article{chevalier1999some,
  title={Are some mutual fund managers better than others? Cross-sectional patterns in behavior and performance},
  author={Chevalier, Judith and Ellison, Glenn},
  journal={The journal of finance},
  volume={54},
  number={3},
  pages={875--899},
  year={1999},
  publisher={Wiley Online Library}
}

@techreport{kuhnen2005social,
  title={Social networks, corporate governance and contracting in the mutual fund industry},
  author={Kuhnen, Camelia M},
  year={2005},
  institution={Working paper, Stanford University}
}

@article{hong2005thy,
  title={Thy neighbor's portfolio: Word-of-mouth effects in the holdings and trades of money managers},
  author={Hong, Harrison and Kubik, Jeffrey D and Stein, Jeremy C},
  journal={The Journal of Finance},
  volume={60},
  number={6},
  pages={2801--2824},
  year={2005},
  publisher={Wiley Online Library}
}

@article{jackson2005economics,
  title={The economics of social networks},
  author={Jackson, Matthew O},
  year={2005},
  publisher={California Institute of Technology}
}

@article{guiso2004role,
  title={The role of social capital in financial development},
  author={Guiso, Luigi and Sapienza, Paola and Zingales, Luigi},
  journal={American economic review},
  volume={94},
  number={3},
  pages={526--556},
  year={2004}
}

@article{bloom2012organization,
  title={The organization of firms across countries},
  author={Bloom, Nicholas and Sadun, Raffaella and Van Reenen, John},
  journal={The quarterly journal of economics},
  volume={127},
  number={4},
  pages={1663--1705},
  year={2012},
  publisher={Oxford University Press}
}

@article{olson1982rise,
  title={The Rise andDecline ofNations: Economic Growth},
  author={Olson, Mancur},
  journal={Stagflation, and},
  year={1982}
}

@article{kacperczyk2006unobserved,
  title={Unobserved actions of mutual funds},
  author={Kacperczyk, Marcin and Sialm, Clemens and Zheng, Lu},
  journal={The Review of Financial Studies},
  volume={21},
  number={6},
  pages={2379--2416},
  year={2006},
  publisher={Society for Financial Studies}
}

@article{wermers2000mutual,
  title={Mutual fund performance: An empirical decomposition into stock-picking talent, style, transactions costs, and expenses},
  author={Wermers, Russ},
  journal={The Journal of Finance},
  volume={55},
  number={4},
  pages={1655--1695},
  year={2000},
  publisher={Wiley Online Library}
}

@article{cohen2008small,
  title={The small world of investing: Board connections and mutual fund returns},
  author={Cohen, Lauren and Frazzini, Andrea and Malloy, Christopher},
  journal={Journal of Political Economy},
  volume={116},
  number={5},
  pages={951--979},
  year={2008},
  publisher={The University of Chicago Press}
}

@book{putnam1994making,
  title={Making democracy work: Civic traditions in modern Italy},
  author={Putnam, Robert D and Leonardi, Robert and Nanetti, Raffaella Y},
  year={1994},
  publisher={Princeton university press}
}

@article{abreu1988theory,
  title={On the theory of infinitely repeated games with discounting},
  author={Abreu, Dilip},
  journal={Econometrica: Journal of the Econometric Society},
  pages={383--396},
  year={1988},
  publisher={JSTOR}
}

@article{glaeser2000measuring,
  title={Measuring trust},
  author={Glaeser, Edward L and Laibson, David I and Scheinkman, Jose A and Soutter, Christine L},
  journal={The quarterly journal of economics},
  volume={115},
  number={3},
  pages={811--846},
  year={2000},
  publisher={MIT Press}
}