@article{kacperczyk2006unobserved,
  title={Unobserved actions of mutual funds},
  author={Kacperczyk, Marcin and Sialm, Clemens and Zheng, Lu},
  journal={The Review of Financial Studies},
  volume={21},
  number={6},
  pages={2379--2416},
  year={2006},
  publisher={Society for Financial Studies}
}

@article{wermers2000mutual,
  title={Mutual fund performance: An empirical decomposition into stock-picking talent, style, transactions costs, and expenses},
  author={Wermers, Russ},
  journal={The Journal of Finance},
  volume={55},
  number={4},
  pages={1655--1695},
  year={2000},
  publisher={Wiley Online Library}
}

@article{cohen2008small,
  title={The small world of investing: Board connections and mutual fund returns},
  author={Cohen, Lauren and Frazzini, Andrea and Malloy, Christopher},
  journal={Journal of Political Economy},
  volume={116},
  number={5},
  pages={951--979},
  year={2008},
  publisher={The University of Chicago Press}
}

@book{putnam1994making,
  title={Making democracy work: Civic traditions in modern Italy},
  author={Putnam, Robert D and Leonardi, Robert and Nanetti, Raffaella Y},
  year={1994},
  publisher={Princeton university press}
}

@article{abreu1988theory,
  title={On the theory of infinitely repeated games with discounting},
  author={Abreu, Dilip},
  journal={Econometrica: Journal of the Econometric Society},
  pages={383--396},
  year={1988},
  publisher={JSTOR}
}

@article{glaeser2000measuring,
  title={Measuring trust},
  author={Glaeser, Edward L and Laibson, David I and Scheinkman, Jose A and Soutter, Christine L},
  journal={The quarterly journal of economics},
  volume={115},
  number={3},
  pages={811--846},
  year={2000},
  publisher={MIT Press}
}